=LDR  01510nam a2200361 i 4500
=001  020777035
=003  Uk
=005  20221017084543.0
=008  221017s2022\\\\hu\d\\\\\b\\\\0|0\0|hun\\
=020  \\$a9786155897511$qpaperback
=040  \\$aUk$beng$cUk$erda
=042  \\$aukblsr
=245  00$aTanulmányok a deixisről /$cszerkesztők Laczkó Krisztina és Tátrai Szilárd.
=264  \1$aBudapest :$bELTE Eötvös József Collegium,$c2022.
=300  \\$a288 pages :$bcharts (black and white) ;$c21 cm.
=336  \\$atext$2rdacontent
=337  \\$aunmediated$2rdamedia
=338  \\$avolume$2rdacarrier
=490  1\$aDiAGram könyvek,$x2732-2815 ;$v5
=504  \\$aIncludes bibliographical references.
=650  \7$aGrammar, Comparative and general$xDeixis.$2fast$0(OCoLC)fst00946162
=650  \7$aHungarian language$xGrammar.$2fast$0(OCoLC)fst00963950
=650  \7$aHungarian language$xDeixis.$2fast
=700  1\$aLaczkó, Krisztina,$eeditor.
=700  1\$aTátrai, Szilárd,$d1972-$eeditor.
=710  2\$aEötvös Collégium (Budapest, Hungary),$epublisher.
=830  \0$aDiAGram könyvek ;$v5.
=852  41$aBritish Library$bHMNTS
=856  41$uhttps://eotvos.elte.hu/media/67/66/f263388a11849885d6295e1f0b5d1d92aafcbb8686f84e0e2d39efd333be/ec_Tanulm%C3%A1nyok%20a%20deixisr%C5%91l_beliv.pdf$yELTE Eötvös József Collegium
=CAT  \\$a9477$b40$c20221017$lBLL01$h0841
=CAT  \\$a9477$b40$c20221017$lBLL01$h0845
=FMT  \\$a  BK
=LAS  \\$a9477$b40$c20221017$lBLL01$h0845

